% Mencionado en el anteproyecto
@book{
    docker-seguro,
    
    title   =   {Docker Seguro},
    author  =   {Gascón González, U.},
    year    =   {2022}
}

@book{
    biblia-latex,
    
    title   =   {La Biblia en \LaTeX},
    author  =   {Santo Orcero, D.},
    year    =   {2022}
}

@misc{
    securitylab-malware-analysis,
    
    title           =   {Cyber Security Testbeds and Malware Testing},
    author          =   {Dash, S. and Massacci, F. and Sabetta, A. and Dos Santos, D. R.},
    year            =   {2021},
    howpublished    =   {\url{www.securitylab.disi.unitn.it/doku.php?id=malware_analysis}}
}


% Varios
@misc{
    articulo-ada,

    title   = {El Gobierno andaluz creará el Centro de Ciberseguridad de Andalucía con una inversión de más de 60 millones de euros},
    url     = {www.juntadeandalucia.es/presidencia/portavoz/gobiernoaldia/161360/Ciberseguridad/ADA/AgenciaDigital/Estrategiaandaluzdeciberseguridad/EliasBendodo/ConsejeriadelaPresidencia/Andalucia/JuntadeAndalucia/GobiernodeAndalucia}
}

@misc{
    tablas-latex,

    title   = {How to influence the position of float environments like figure and table in LaTeX?},
    url     = {https://tex.stackexchange.com/a/39020}
}


% Plataformas de entrenamiento
@misc{
    hackthebox,
    
    title   = {Hack The Box},
    url     = {www.hackthebox.eu}
}

@misc{
    hackthebox-academy,
    
    title   = {Hack The Box Academy},
    url     = {academy.hackthebox.com}
}

@misc{
    tryhackme,
    
    title   = {TryHackMe},
    url     = {www.tryhackme.com}
}

@misc{
    vulnhub,
    
    title  = {VulnHub},
    url    = {www.vulnhub.com}
}

@misc{
    overthewire,
    
    title   = {OverTheWire},
    url     = {www.overthewire.org/wargames}
}
